%% This BibTeX bibliography file was created using BibDesk.
%% http://bibdesk.sourceforge.net/


%% Saved with string encoding Unicode (UTF-8) 

% topology algorithms
@inproceedings{kraus2001topology,
	title={Topology-guided downsampling},
	author={Kraus, Martin and Ertl, Thomas},
	booktitle={Volume Graphics 2001},
	pages={223--234},
	year={2001},
	organization={Springer}
}


% skeleton algorithms
@inproceedings{sato2000teasar,
	title={TEASAR: Tree-structure extraction algorithm for accurate and robust skeletons},
	author={Sato, Mie and Bitter, Ingmar and Bender, Michael A and Kaufman, Arie E and Nakajima, Masayuki},
	booktitle={Computer Graphics and Applications, 2000. Proceedings. The Eighth Pacific Conference on},
	pages={281--449},
	year={2000},
	organization={IEEE}
}
@article{lee1994building,
	title={Building skeleton models via 3-D medial surface axis thinning algorithms},
	author={Lee, Ta-Chih and Kashyap, Rangasami L and Chu, Chong-Nam},
	journal={CVGIP: Graphical Models and Image Processing},
	volume={56},
	number={6},
	pages={462--478},
	year={1994},
	publisher={Elsevier}
}
@inproceedings{palagyi2014sequential,
	title={A Sequential 3D Curve-Thinning Algorithm Based on Isthmuses},
	author={Pal{\'a}gyi, K{\'a}lm{\'a}n},
	booktitle={International Symposium on Visual Computing},
	pages={406--415},
	year={2014},
	organization={Springer}
}
@article{zhao2014automatic,
	Author = {Zhao, Ting and Plaza, Stephen M},
	Journal = {arXiv preprint arXiv:1409.1892},
	Title = {Automatic neuron type identification by neurite localization in the Drosophila medulla},
	Year = {2014}
}
@inproceedings {konstantin2018efficient,
	title={Efficient Correction for EM Connectomics with Skeletal Representation},
	author={Dmitriev, Konstantin and Parag, Toufiq and Matejek, Brian and Kaufman, Arie and Pfister, Hanspeter},
	booktitle={British Machine Vision Conference (BMVC)},
	year={2018}
}
@article{rolnick2017morphological,
	title={Morphological error detection in 3d segmentations},
	author={Rolnick, David and Meirovitch, Yaron and Parag, Toufiq and Pfister, Hanspeter and Jain, Viren and Lichtman, Jeff W and Boyden, Edward S and Shavit, Nir},
	journal={arXiv preprint arXiv:1705.10882},
	year={2017}
}