@article{chatfield2014return,
	Author = {Chatfield, Ken and Simonyan, Karen and Vedaldi, Andrea and Zisserman, Andrew},
	Journal = {arXiv preprint arXiv:1405.3531},
	Title = {Return of the devil in the details: Delving deep into convolutional nets},
	Year = {2014}}