@article{chatfield2014return,
	Author = {Chatfield, Ken and Simonyan, Karen and Vedaldi, Andrea and Zisserman, Andrew},
	Journal = {arXiv preprint arXiv:1405.3531},
	Title = {Return of the devil in the details: Delving deep into convolutional nets},
	Year = {2014}}

@article{zhao2014automatic,
	Author = {Zhao, Ting and Plaza, Stephen M},
	Journal = {arXiv preprint arXiv:1409.1892},
	Title = {Automatic neuron type identification by neurite localization in the Drosophila medulla},
	Year = {2014}}