@article{chatfield2014return,
	title={Return of the devil in the details: Delving deep into convolutional nets},
	author={Chatfield, Ken and Simonyan, Karen and Vedaldi, Andrea and Zisserman, Andrew},
	journal={arXiv preprint arXiv:1405.3531},
	year={2014}
}
@inproceedings{maas2013rectifier,
	title={Rectifier nonlinearities improve neural network acoustic models},
	author={Maas, Andrew L and Hannun, Awni Y and Ng, Andrew Y},
	booktitle={Proc. ICML},
	volume={30},
	number={1},
	year={2013}
}
@article{funahashi1989approximate,
	title={On the approximate realization of continuous mappings by neural networks},
	author={Funahashi, Ken-Ichi},
	journal={Neural networks},
	volume={2},
	number={3},
	pages={183--192},
	year={1989},
	publisher={Elsevier}
}
@inproceedings{nesterov1983method,
	title={A method of solving a convex programming problem with convergence rate O (1/k2)},
	author={Nesterov, Yurii}
}
@inproceedings{sato2000teasar,
	title={TEASAR: Tree-structure extraction algorithm for accurate and robust skeletons},
	author={Sato, Mie and Bitter, Ingmar and Bender, Michael A and Kaufman, Arie E and Nakajima, Masayuki},
	booktitle={Computer Graphics and Applications, 2000. Proceedings. The Eighth Pacific Conference on},
	pages={281--449},
	year={2000},
	organization={IEEE}
}
@article{zhao2014automatic,
	title={Automatic neuron type identification by neurite localization in the Drosophila medulla},
	author={Zhao, Ting and Plaza, Stephen M},
	journal={arXiv preprint arXiv:1409.1892},
	year={2014}
}
@article{kernighan1970efficient,
	title={An efficient heuristic procedure for partitioning graphs},
	author={Kernighan, Brian W and Lin, Shen},
	journal={The Bell system technical journal},
	volume={49},
	number={2},
	pages={291--307},
	year={1970},
	publisher={Alcatel-Lucent}
}


@misc{Authors14,
 author = {Authors},
 title = {The frobnicatable foo filter},
 note = {Face and Gesture  submission ID 324. Supplied as additional material {\tt fg324.pdf}},
 year = 2014
}

@misc{Authors14b,
 author = {Authors},
 title = {Frobnication tutorial},
 note = {Supplied as additional material {\tt tr.pdf}},
 year = 2014
}

@article{Alpher02,
author = {A. Alpher},
title = {Frobnication},
journal = {Journal of Foo},
volume = 12, 
number = 1, 
pages = {234--778}, 
year = 2002
}

@article{Alpher03,
author = {A. Alpher and  J.~P.~N. Fotheringham-Smythe},
title = {Frobnication revisited},
journal = {Journal of Foo},
volume = 13, 
number = 1, 
pages = {234--778}, 
year = 2003
}

@article{Alpher04,
author = {A. Alpher and J.~P.~N. Fotheringham-Smythe and G. Gamow},
title = {Can a machine frobnicate?},
journal = {Journal of Foo},
volume = 14, 
number = 1, 
pages = {234--778}, 
year = 2004
}
