@article{lee2017superhuman,
	title={Superhuman Accuracy on the SNEMI3D Connectomics Challenge},
	author={Lee, Kisuk and Zung, Jonathan and Li, Peter and Jain, Viren and Seung, H Sebastian},
	journal={arXiv preprint arXiv:1706.00120},
	year={2017}
}
@article{nunez2013machine,
	title={Machine learning of hierarchical clustering to segment 2D and 3D images},
	author={Nunez-Iglesias, Juan and Kennedy, Ryan and Parag, Toufiq and Shi, Jianbo and Chklovskii, Dmitri B},
	journal={PloS one},
	volume={8},
	number={8},
	pages={e71715},
	year={2013},
	publisher={Public Library of Science}
}